<?xml version='1.0' encoding='UTF-8'?>
<record xmlns="http://www.loc.gov/MARC21/slim">
  <leader>02657cam a2200517 a 4500</leader>
  <controlfield tag="001">614829</controlfield>
  <controlfield tag="003">NjP</controlfield>
  <controlfield tag="005">20170905103321.0</controlfield>
  <controlfield tag="008">901203s1989    ir a     b    000 0 ara d</controlfield>
  <datafield tag="024" ind1="7" ind2=" ">
    <subfield code="a">princeton_aco001930</subfield>
    <subfield code="2">local</subfield>
  </datafield>
  <datafield ind1=" " ind2=" " tag="035">
    <subfield code="a">(OCoLC)ocn176032055</subfield>
  </datafield>
  <datafield ind1=" " ind2=" " tag="035">
    <subfield code="a">(OCoLC)23697192</subfield>
  </datafield>
  <datafield ind1=" " ind2=" " tag="035">
    <subfield code="a">614829</subfield>
  </datafield>
  <datafield ind1=" " ind2=" " tag="040">
    <subfield code="a">NjP</subfield>
    <subfield code="c">PUL</subfield>
    <subfield code="d">PUL</subfield>
  </datafield>
  <datafield ind1=" " ind2=" " tag="035">
    <subfield code="a">(OCoLC)176032055</subfield>
  </datafield>
  <datafield ind1=" " ind2=" " tag="035">
    <subfield code="a">(CStRLIN)NJPG90-B54239</subfield>
  </datafield>
  <datafield ind1=" " ind2=" " tag="035">
    <subfield code="9">ACV0946TS</subfield>
  </datafield>
  <datafield ind1=" " ind2=" " tag="035">
    <subfield code="a">(NjP)614829</subfield>
  </datafield>
  <datafield ind1=" " ind2=" " tag="079">
    <subfield code="a">ocm23697192</subfield>
    <subfield code="z">ocn123341093</subfield>
  </datafield>
  <datafield ind1=" " ind2=" " tag="049">
    <subfield code="a">PULL</subfield>
  </datafield>
  <datafield ind1="1" ind2=" " tag="100">
    <subfield code="6">880-01</subfield>
    <subfield code="a">Ṭūsī, Muḥammad ibn al-Ḥasan,</subfield>
    <subfield code="d">995-1067?</subfield>
    <subfield code="0">http://id.loc.gov/authorities/names/n80149963</subfield>
  </datafield>
  <datafield ind1="1" ind2="0" tag="240">
    <subfield code="6">880-02</subfield>
    <subfield code="a">Khilāf.</subfield>
    <subfield code="k">Selections</subfield>
  </datafield>
  <datafield ind1="1" ind2="3" tag="245">
    <subfield code="6">880-03</subfield>
    <subfield code="a">al-Muʼtalaf min al-mukhtalif bayna al-aʼimmah al-salaf wa-huwa Muntakhab al-Khilāf /</subfield>
    <subfield code="c">lil-faqīh Āmīn al-Islām Faḍl ibn al-Ḥasan al-Ṭabarsī ; ḥaqqaqahu wa-qābalahu jamʻ min al-asātidhah ; rājaʻahu Mahdī al-Rajāʼī.</subfield>
  </datafield>
  <datafield ind1=" " ind2=" " tag="250">
    <subfield code="6">880-04</subfield>
    <subfield code="a">al-Ṭabʻah 1.</subfield>
  </datafield>
  <datafield ind1=" " ind2=" " tag="260">
    <subfield code="6">880-05</subfield>
    <subfield code="a">Mashhad, Īrān :</subfield>
    <subfield code="b">Majmaʻ al-Buḥūth al-Islāmīyah,</subfield>
    <subfield code="c">1410 [1989 or 1990]</subfield>
  </datafield>
  <datafield ind1=" " ind2=" " tag="300">
    <subfield code="a">2 v. :</subfield>
    <subfield code="b">ill. ;</subfield>
    <subfield code="c">25 cm.</subfield>
  </datafield>
  <datafield ind1=" " ind2=" " tag="500">
    <subfield code="a">Title page partially vocalized.</subfield>
  </datafield>
  <datafield ind1=" " ind2=" " tag="500">
    <subfield code="6">880-06</subfield>
    <subfield code="a">Running title: Muntakhab al-Khilāf.</subfield>
  </datafield>
  <datafield ind1=" " ind2=" " tag="504">
    <subfield code="a">Includes bibliographical references.</subfield>
  </datafield>
  <datafield ind1=" " ind2="0" tag="650">
    <subfield code="a">Islamic law</subfield>
    <subfield code="x">Interpretation and construction</subfield>
    <subfield code="x">Early works to 1800.</subfield>
    <subfield code="0">http://id.loc.gov/authorities/subjects/sh2008104962</subfield>
  </datafield>
  <datafield ind1=" " ind2="0" tag="650">
    <subfield code="a">Shiites.</subfield>
    <subfield code="0">http://id.loc.gov/authorities/subjects/sh85121432</subfield>
  </datafield>
  <datafield ind1="1" ind2=" " tag="700">
    <subfield code="6">880-07</subfield>
    <subfield code="a">Ṭabarsī, al-Faḍl ibn al-Ḥasan,</subfield>
    <subfield code="d">-1153.</subfield>
    <subfield code="0">http://id.loc.gov/authorities/names/n2002052868</subfield>
  </datafield>
  <datafield ind1="1" ind2=" " tag="700">
    <subfield code="6">880-08</subfield>
    <subfield code="a">Rajāʼī, Mahdī.</subfield>
  </datafield>
  <datafield ind1="0" ind2=" " tag="740">
    <subfield code="6">880-09</subfield>
    <subfield code="a">Muntakhab al-Khilāf.</subfield>
  </datafield>
  <datafield ind1="1" ind2=" " tag="880">
    <subfield code="6">100-01/r</subfield>
    <subfield code="a">طوسي، محمد بن الحسن،</subfield>
    <subfield code="d">995-1067؟</subfield>
  </datafield>
  <datafield ind1="1" ind2="0" tag="880">
    <subfield code="6">240-02/r</subfield>
    <subfield code="a">خلاف.</subfield>
    <subfield code="k">Selections</subfield>
  </datafield>
  <datafield ind1="1" ind2="2" tag="880">
    <subfield code="6">245-03/r</subfield>
    <subfield code="a">المؤتلف من المختلف بين الائمة السلف وهو منتخب الخلاف /</subfield>
    <subfield code="c">للفقيه آمين الاسلام فضل بن الحسن الطبرسي ؛ حققه وقابله جمع من الاساتذة ؛ راجعه مهدي الرجائي.</subfield>
  </datafield>
  <datafield ind1=" " ind2=" " tag="880">
    <subfield code="6">250-04/r</subfield>
    <subfield code="a">الطبعة 1.</subfield>
  </datafield>
  <datafield ind1=" " ind2=" " tag="880">
    <subfield code="6">260-05/r</subfield>
    <subfield code="a">مشهد، ايران :</subfield>
    <subfield code="b">مجمع البحوث الاسلامية،</subfield>
    <subfield code="c">1410 [1989 or 1990]</subfield>
  </datafield>
  <datafield ind1=" " ind2=" " tag="880">
    <subfield code="6">500-06/r</subfield>
    <subfield code="a">Running title: منتخب الخلاف.</subfield>
  </datafield>
  <datafield ind1="1" ind2=" " tag="880">
    <subfield code="6">700-07/r</subfield>
    <subfield code="a">طبرسي، الفضل بن الحسن،</subfield>
    <subfield code="d">-1153.</subfield>
  </datafield>
  <datafield ind1="1" ind2=" " tag="880">
    <subfield code="6">700-08/r</subfield>
    <subfield code="a">رجائي، مهدي.</subfield>
  </datafield>
  <datafield ind1="0" ind2=" " tag="880">
    <subfield code="6">740-09/r</subfield>
    <subfield code="a">منتخب الخلاف.</subfield>
  </datafield>
  <datafield ind1=" " ind2=" " tag="998">
    <subfield code="a">02/21/91</subfield>
    <subfield code="s">9114</subfield>
    <subfield code="n">NjP</subfield>
    <subfield code="w">NJPG90B54239</subfield>
    <subfield code="d">12/03/90</subfield>
    <subfield code="c">JEB</subfield>
    <subfield code="b">JKS</subfield>
    <subfield code="i">910221</subfield>
    <subfield code="l">NJPG</subfield>
  </datafield>
  <datafield ind1=" " ind2=" " tag="911">
    <subfield code="a">19921028</subfield>
  </datafield>
  <datafield ind1=" " ind2=" " tag="912">
    <subfield code="a">19910221000000.0</subfield>
  </datafield>
  <datafield ind1=" " ind2=" " tag="994">
    <subfield code="a">C0</subfield>
    <subfield code="b">PUL</subfield>
  </datafield>
  <datafield ind1=" " ind2=" " tag="999">
    <subfield code="a">614829</subfield>
  </datafield>
  <datafield ind1="0" ind2="0" tag="852">
    <subfield code="0">674216</subfield>
    <subfield code="b">nec</subfield>
    <subfield code="t">1</subfield>
    <subfield code="h">KBP440.76.T88</subfield>
    <subfield code="i">A2 1989</subfield>
  </datafield>
  <datafield ind1=" " ind2=" " tag="959">
    <subfield code="a">2000-06-13 00:00:00 -0400</subfield>
  </datafield>
</record>
